<record><leader>00000cas a22000007a 4500</leader><controlfield tag="001">11956257</controlfield><controlfield tag="008">850424d19071940utuwr ne      0    0eng d</controlfield><datafield ind1=" " ind2=" " tag="010"><subfield code="a">sn 85058120 </subfield></datafield><datafield ind1=" " ind2=" " tag="040"><subfield code="a">UNP</subfield><subfield code="b">eng</subfield><subfield code="c">UNP</subfield><subfield code="d">OCLCQ</subfield></datafield><datafield ind1=" " ind2=" " tag="042"><subfield code="a">msc</subfield></datafield><datafield ind1="0" ind2=" " tag="130"><subfield code="a">Smithfield sentinel (Smithfield, Utah : 1907)</subfield></datafield><datafield ind1="1" ind2="0" tag="245"><subfield code="a">Smithfield sentinel.</subfield></datafield><datafield ind1=" " ind2=" " tag="260"><subfield code="a">Smithfield, Utah :</subfield><subfield code="b">[J.W. Harry],</subfield><subfield code="c">-1940.</subfield></datafield><datafield ind1=" " ind2=" " tag="300"><subfield code="a">v. :</subfield><subfield code="b">ill. ;</subfield><subfield code="c">54-56 cm.</subfield></datafield><datafield ind1=" " ind2=" " tag="310"><subfield code="a">Weekly</subfield></datafield><datafield ind1="1" ind2=" " tag="362"><subfield code="a">Began with Dec. 13, 1907 issue.</subfield><subfield code="z">Cf. Alter, J.C. Early Utah journalism.</subfield></datafield><datafield ind1="0" ind2=" " tag="362"><subfield code="a">-v. 33, no. 15 (Mar. 29, 1940).</subfield></datafield><datafield ind1=" " ind2=" " tag="500"><subfield code="a">Publisher's name recorded in: Alter, J.C. Early Utah journalism.</subfield></datafield><datafield ind1=" " ind2=" " tag="580"><subfield code="a">Published jointly with Cache Valley herald as one newspaper, with each newspaper's masthead alternating from page to page, &lt;Dec. 11, 1925-1926&gt;; then resumed separate publication.</subfield></datafield><datafield ind1=" " ind2=" " tag="588"><subfield code="a">Description based on: Vol. 26, no. 39 (Aug. 18, 1933).</subfield></datafield><datafield ind1=" " ind2=" " tag="752"><subfield code="a">United States</subfield><subfield code="b">Utah</subfield><subfield code="c">Cache</subfield><subfield code="d">Smithfield.</subfield></datafield><datafield ind1="0" ind2="0" tag="785"><subfield code="t">North Cache news</subfield><subfield code="w">(DLC)sn 85058116</subfield><subfield code="w">(OCoLC)11956277</subfield></datafield><datafield ind1="1" ind2=" " tag="787"><subfield code="t">Cache Valley herald</subfield><subfield code="w">(DLC)sn 86091568</subfield><subfield code="w">(OCoLC)14238106</subfield></datafield></record>